  title         = "{Lattice study of conformality in twelve-flavor QCD}",
@article{Aoki:2012eq,
  author        = "Aoki, Yasumichi and Aoyama, Tatsumi and Kurachi, Masafumi and Maskawa, Toshihide and Nagai, Kei-ichi and Ohki, Hiroshi and Shibata, Akihiro and Yamawaki, Koichi and Yamazaki, Takeshi",
  journal       = "Phys. Rev.",
  volume        = "D86",
  pages         = "054506",
  doi           = "10.1103/PhysRevD.86.054506",
  year          = "2012",
  eprint        = "1207.3060",
  archivePrefix = "arXiv",
}

  title         = "{Novel phase in SU(3) lattice gauge theory with 12 light fermions}",
@article{Cheng:2011ic,
  author        = "Cheng, Anqi and Hasenfratz, Anna and Schaich, David",
  journal       = "Phys. Rev.",
  volume        = "D85",
  pages         = "094509",
  doi           = "10.1103/PhysRevD.85.094509",
  year          = "2012",
  eprint        = "1111.2317",
  archivePrefix = "arXiv",
}

  title         = "{On the spectrum of QCD-like theories and the conformal window}",
@article{Deuzeman:2012pv,
  author        = "Deuzeman, Albert and Lombardo, Maria Paola and Pallante, Elisabetta",
  journal       = "PoS",
  volume        = "Lattice 2011",
  pages         = "083",
  year          = "2011",
  eprint        = "1201.1863",
  archivePrefix = "arXiv",
}

  title         = "{The bulk transition of QCD with twelve flavors and the role of improvement}",
@article{Deuzeman:2012ee,
  author        = "Deuzeman, Albert and Lombardo, Maria Paola and Nunes da Silva, Tiago and Pallante, Elisabetta",
  year          = "2012",
  eprint        = "1209.5720",
  archivePrefix = "arXiv",
}

  title         = "{Twelve fundamental and two sextet fermion flavors}",
@article{Fodor:2012uu,
  author        = "Fodor, Zoltan and Holland, Kieran and Kuti, Julius and Nogradi, Daniel and Schroeder, Chris and Wong, Chik Him",
  year          = "2012",
  eprint        = "1205.1878",
  archivePrefix = "arXiv",
}

  title         = "{The Yang-Mills gradient flow in finite volume}",
@article{Fodor:2012td,
  author        = "Fodor, Zoltan and Holland, Kieran and Kuti, Julius and Nogradi, Daniel and Wong, Chik Him",
  year          = "2012",
  eprint        = "1208.1051",
  archivePrefix = "arXiv",
}

  title         = "{Infrared fixed point of the 12-fermion SU(3) gauge model based on 2-lattice MCRG matching}",
@article{Hasenfratz:2011xn,
  author        = "Hasenfratz, Anna",
  journal       = "Phys. Rev. Lett.",
  volume        = "108",
  pages         = "061601",
  doi           = "10.1103/PhysRevLett.108.061601",
  year          = "2012",
  eprint        = "1106.5293",
  archivePrefix = "arXiv",
}

  title         = "{Mass anomalous dimension from Dirac eigenmode scaling in conformal and confining systems}",
@article{Hasenfratz:2012fp,
  author        = "Hasenfratz, Anna and Cheng, Anqi and Petropoulos, Gregory and Schaich, David",
  journal       = "PoS",
  volume        = "Lattice 2012",
  pages         = "034",
  year          = "2012",
  eprint        = "1207.7162",
  archivePrefix = "arXiv",
  url           = "http://pos.sissa.it/archive/conferences/164/034/Lattice 2012_034.pdf"
}

  title         = "{Lattice study of infrared behaviour in SU(3) gauge theory with twelve massless flavours}",
@article{Lin:2012iw,
  author        = "Lin, C.-J. David and Ogawa, Kenji and Ohki, Hiroshi and Shintani, Eigo",
  journal       = "JHEP",
  volume        = "1208",
  pages         = "096",
  doi           = "10.1007/JHEP08(2012)096",
  year          = "2012",
  eprint        = "1205.6076",
  archivePrefix = "arXiv",
}

  title         = "{Exploring Models for New Physics on the Lattice}",
@article{Neil:2012cb,
  author        = "Neil, Ethan T.",
  journal       = "PoS",
  volume        = "Lattice 2011",
  pages         = "009",
  year          = "2011",
  eprint        = "1205.4706",
  archivePrefix = "arXiv",
}

  title         = "{Bulk and finite-temperature transitions in SU(3) gauge theories with many light fermions}",
@article{Schaich:2012fr,
  author        = "Schaich, David and Cheng, Anqi and Hasenfratz, Anna and Petropoulos, Gregory",
  journal       = "PoS",
  volume        = "Lattice 2012",
  pages         = "028",
  year          = "2012",
  eprint        = "1207.7164",
  archivePrefix = "arXiv",
  url           = "http://pos.sissa.it/archive/conferences/164/028/Lattice 2012_028.pdf"
}
